<?xml version="1.0" encoding="UTF-8"?><record xmlns="http://www.loc.gov/MARC21/slim" xmlns:cinclude="http://apache.org/cocoon/include/1.0" xmlns:zs="http://www.loc.gov/zing/srw/">
  <leader>00459cz  a2200121n  4500</leader>
  <controlfield tag="001">n  91107096 </controlfield>
  <controlfield tag="003">DLC</controlfield>
  <controlfield tag="005">20100921074744.0</controlfield>
  <controlfield tag="008">911022n| acannaab           |n aaa      </controlfield>
  <datafield tag="010" ind1=" " ind2=" ">
    <subfield code="a">n  91107096 </subfield>
  </datafield>
  <datafield tag="040" ind1=" " ind2=" ">
    <subfield code="a">DLC</subfield>
    <subfield code="c">DLC</subfield>
    <subfield code="d">DLC</subfield>
  </datafield>
  <datafield tag="100" ind1="1" ind2=" ">
    <subfield code="a">Morgan, Charles Waln,</subfield>
    <subfield code="d">1796-1861</subfield>
  </datafield>
  <datafield tag="670" ind1=" " ind2=" ">
    <subfield code="a">NUCMC data from Old Dartmouth Historical Society Whaling Museum Library for His Papers, 1817-1866</subfield>
    <subfield code="b">(Charles Waln Morgan; 1796-1861; whaling and shipping merchant, of New Bedford, Mass.)</subfield>
  </datafield>
</record>